@article{Geuzaine2009,
  title={Gmsh: A three-dimensional finite element mesh generator with built-in pre- and post-processing facilities},
  author={Geuzaine, C.  and  Remacle, J.-F.},
  journal={International Journal for Numerical Methods in Engineering},
  volume={79},
  number={{}},
  pages={1039-1331},
  year={2009},
  doi={10.1002/nme.2579}
}
@article{Janelli2006,
  title={Adaptive stiff solvers at low accuracy and complexity},
  author={Janelli, A. and Fazio, R.},
  journal={Journal of Computational and Applied Mathematics},
  volume={191},
  number={{}},
  pages={246},
  doi={10.1016/j.cam.2005.06.041},
  year={2006}
}
@Misc{petsc-web-page,
  author = {Satish Balay and Shrirang Abhyankar and Mark~F. Adams and Jed Brown and Peter Brune and Kris Buschelman and Lisandro Dalcin and Alp Dener and Victor Eijkhout and William~D. Gropp and Dmitry Karpeyev and Dinesh Kaushik and Matthew~G. Knepley and Dave~A. May and Lois Curfman McInnes and Richard Tran Mills and Todd Munson and Karl Rupp and Patrick Sanan and Barry~F. Smith and Stefano Zampini and Hong Zhang and Hong Zhang},
  title =  {{PETS}c {W}eb page},
  url =    {https://www.mcs.anl.gov/petsc},
  howpublished = {\url{https://www.mcs.anl.gov/petsc}},
  year = {2021}
}
@TechReport{petsc-user-ref,
  author = {Satish Balay and Shrirang Abhyankar and Mark~F. Adams and Jed Brown and Peter Brune and Kris Buschelman and Lisandro Dalcin and Alp Dener and Victor Eijkhout and William~D. Gropp and Dmitry Karpeyev and Dinesh Kaushik and Matthew~G. Knepley and Dave~A. May and Lois Curfman McInnes and Richard Tran Mills and Todd Munson and Karl Rupp and Patrick Sanan and Barry~F. Smith and Stefano Zampini and Hong Zhang and Hong Zhang},
  title  = {{PETS}c Users Manual},
  institution = {Argonne National Laboratory},
  url    = {https://www.mcs.anl.gov/petsc},
  year   = 2021,
  number = {ANL-95/11 - Revision 3.15}
}
@book{LoggMardalEtAl2012a, 
  title = {Automated Solution of Differential Equations by the Finite Element Method},
  author = {Anders Logg and Kent-Andre Mardal and Garth N. Wells and others},
  year = {2012},                                                           
  publisher = {Springer, Berlin},                                                
  doi = {10.1007/978-3-642-23099-8},                                    
  isbn = {978-3-642-23098-1},                                       
} 



@book{Brenner2008,
  added-at = {2017-06-29T07:13:07.000+0200},
  author = {Brenner, Susanne C. and Scott, Larkin R.},
  doi = {10.1007/978-0-387-75934-0},
  isbn = {9780387759333},
  publisher = {Springer},
  series = {Texts in Applied Mathematics},
  title = {{The Mathematical Theory of Finite Element Methods}},
  url = {http://dx.doi.org/10.1007/978-0-387-75934-0},
  volume = 15,
  year = 2008
}

@article{luk2020hopfions,
  title={Hopfions emerge in ferroelectrics},
  author={Lukâ€™Yanchuk, I and Tikhonov, Y and Razumnaya, A and Vinokur, VM},
  journal={Nature Communications},
  volume={11},
  number={1},
  pages={2433},
  year={2020},
  publisher={Nature Publishing Group UK London}
}

@article{tikhonov2020controllable,
  title={Controllable skyrmion chirality in ferroelectrics},
  author={Tikhonov, Yu and Kondovych, S and Mangeri, J and Pavlenko, M and Baudry, L and Sen{\'e}, A and Galda, A and Nakhmanson, S and Heinonen, O and Razumnaya, A and others},
  journal={Scientific reports},
  volume={10},
  number={1},
  pages={8657},
  year={2020},
  publisher={Nature Publishing Group UK London}
}

@article{tikhonov2022polarization,
  title={Polarization topology at the nominally charged domain walls in uniaxial ferroelectrics},
  author={Tikhonov, Yurii and Maguire, Jesi R and McCluskey, Conor J and McConville, James PV and Kumar, Amit and Lu, Haidong and Meier, Dennis and Razumnaya, Anna and Gregg, John Martin and Gruverman, Alexei and others},
  journal={Advanced Materials},
  volume={34},
  number={45},
  pages={2203028},
  year={2022},
  publisher={Wiley Online Library}
}